@article{Debbal2020,
    author    = {Debbal, Sidi Mohammed El Amine},
    title     = {Analysis of the Four Heart Sounds Statistical Study and Spectro-Temporal Characteristics},
    journal   = {Clinical Case Reports Journal},
    volume    = {1},
    number    = {4},
    pages     = {1--13},
    year      = {2020},
    publisher = {Clinical Case Reports Journal},
    url       = {https://clinicalcasereportsjournal.com/article/1000046/analysis-of-the-four-heart-sounds-statistical-study-and-spectro-temporal-characteristics},
}

@article{Gross2000,
    author    = {Gross, Volker and Dittmar, Anke and Penzel, Thomas and Sch{\"u}ttler, Frank and von Wichert, Peter},
    title     = {The Relationship between Normal Lung Sounds, Age, and Gender},
    journal   = {American Journal of Respiratory and Critical Care Medicine},
    volume    = {162},
    number    = {3},
    pages     = {905--909},
    year      = {2000},
    doi       = {10.1164/ajrccm.162.3.9905104},
    url       = {https://www.atsjournals.org/doi/full/10.1164/ajrccm.162.3.9905104},
}

@misc{Wikiedia-NyquistShannon2024,
    author = "Wikipedia",
    title = "{Nyquist-Shannon sampling theorem} --- {W}ikipedia{,} The Free Encyclopedia",
    year = "2024",
    howpublished = {\url{http://en.wikipedia.org/w/index.php?title=Nyquist\%E2\%80\%93Shannon\%20sampling\%20theorem&oldid=1261421455}},
    note = "Online; accessed 29-December-2024"
}
